@article{alexandrov1981bipolaronic,
  title={Bipolaronic superconductivity},
  author={Alexandrov, A and Ranninger, J},
  journal={Physical Review B},
  volume={24},
  number={3},
  pages={1164},
  year={1981},
  publisher={APS}
}