@FOOTNOTE{Note1,key="Note1",note="Automatically placing footnotes into the bibliography requires using BibTeX to compile the bibliography."}
